@article{soler-toscano_calculating_2014,
    title = {Calculating {Kolmogorov} {Complexity} from the {Output} {Frequency} {Distributions} of {Small} {Turing} {Machines}},
    volume = {9},
    number = {5},
    journal = {PLoS ONE},
    author = {Soler-Toscano, Fernando and Zenil, Hector and Delahaye, Jean-Paul and Gauvrit, Nicolas},
    year = {2014},
    pages = {e96223},
}

