@incollection{csp_big_data_2017,
	author = {Serfass, David and Nowak, Andrzej and Sherman, Rhyne},
	title  = {{Big Data in Psychological Research}},
	editor = {Vallacher, Robin R. and Read, Stephen J. and Nowak, Andrzej},
	booktitle = {{Computational Social Psychology}},
	publisher = {{Psychology Press}},
	address = {{New York}},
	year = {2017},
	pages = {332--348},
	chapter = {15}
}

@incollection{csp_future_2017,
    author = {Nowak, Andrzej and Vallacher, Robin R.},
    title  = {{The Future of Computational Social Psychology}},
    editor = {Vallacher, Robin R. and Read, Stephen J. and Nowak, Andrzej},
    booktitle = {{Computational Social Psychology}},
    publisher = {{Psychology Press}},
    address = {{New York}},
    year = {2017},
    pages = {349--367},
    chapter = {16}
}

@article{lazer2009social,
  title={Social science. Computational social science.},
  author={Lazer, David and Pentland, Alex and Adamic, Lada and Aral, Sinan and Barabasi, Albert-Laszlo and Brewer, Devon and Christakis, Nicholas and Contractor, Noshir and Fowler, James and Gutmann, Myron and others},
  journal={Science (New York, NY)},
  volume={323},
  number={5915},
  pages={721--723},
  year={2009},
  publisher={NIH Public Access}
}

@article{conte2012manifesto,
  title={Manifesto of computational social science},
  author={Conte, Rosaria and Gilbert, Nigel and Bonelli, Giulia and Cioffi-Revilla, Claudio and Deffuant, Guillaume and Kertesz, Janos and Loreto, Vittorio and Moat, Suzy and Nadal, J-P and Sanchez, Anxo and others},
  journal={The European Physical Journal Special Topics},
  volume={214},
  number={1},
  pages={325--346},
  year={2012},
  publisher={Springer}
}

